=LDR  00974cam a2200253 c 4500
=001  990511089844702202
=005  20230531153853.0
=007  cr||||||||||||
=007  ta
=008  150624s2005\\\\no#|||||\|||||000|f|nob|\
=020  \\$a8249502914$qib.$qOktober$cNkr 348.00
=020  \\$a8252560644$qib.$qBokklubben
=060  \4$aWM 270
=080  \\$a82
=080  \\$a839.6
=082  74$a839.823$qNO-OsNB$25/nor
=100  1\$aRenberg, Tore$d1972-$0(NO-TrBIB)90858991$1http://viaf.org/viaf/34565761$4http://rdaregistry.info/Elements/w/object/P10061
=240  04$aKompani Orheim$1http://viaf.org/viaf/9937151965272000470001
=245  10$aKompani Orheim :$broman$cTore Renberg
=260  \\$aOslo$bOktober$c2005
=300  \\$a460 s.
=336  \\$atext$2rdacontent$0http://rdaregistry.info/termList/RDAContentType/1020
=337  \\$aunmediated$2rdamedia$0http://rdaregistry.info/termList/RDAMediaType/1007
=338  \\$avolume$2rdacarrier$0http://rdaregistry.info/termList/RDACarrierType/1049
=758  1\$iFortsettelse av:$aMannen som elsket Yngve$1http://viaf.org/viaf/5930152502773210800007$4http://rdaregistry.info/Elements/w/object/P10122 

