=LDR  00887nam a2200205 c 4500
=001  999920042002402202
=005  20230601133619.0
=007  ta
=008  200122s2010\\\\no\\\\\e\|||||00||f\nob|\
=020  \\$a9788249507863$qheftet
=082  04$a839.8238$223/nor$qNO-OsNB
=100  1\$aRenberg, Tore$d1972-$0(NO-TrBIB)90858991$4aut$1http://viaf.org/viaf/34565761$4http://rdaregistry.info/Elements/w/object/P10061
=240  04$aCharlotte Isabel Hansen$1http://viaf.org/viaf/2229156133228058430004
=245  10$aCharlotte Isabel Hansen :$broman$cCharlotte Isabel Hansen
=264  \1$aOslo$bOktober$c2010
=300  \\$a354 sider$c20 cm
=336  \\$atekst$0http://rdaregistry.info/termList/RDAContentType/1020$2rdaco
=337  \\$auformidlet$0http://rdaregistry.info/termList/RDAMediaType/1007$2rdamt
=338  \\$abind$0http://rdaregistry.info/termList/RDACarrierType/1049$2rdact
=500  \\$a1. utgave 2008
=758  1\$iFortsettelse av:$aKompani Orheim$1http://viaf.org/viaf/9937151965272000470001$4http://rdaregistry.info/Elements/w/object/P10122 

