=LDR  00995cam a2200193 c 4500
=008  110826s2001\\\\xx#|||||||||||000|1|swe|\
=020  \\$a9113008854$qib.
=041  1\$hnob
=082  74$a839.823$qNO-OsNB$25/nor
=100  1\$aRenberg, Tore$d1972-$0(NO-TrBIB)90858991$4aut$1http://viaf.org/viaf/34565761$4http://rdaregistry.info/Elements/w/object/P10061
=240  00$aEn god tid$1http://viaf.org/viaf/engodtid_sv_eksempel
=245  13$aEn god tid :$bminnen från framtiden$cTore Renberg ; översättning av Urban Andersson 
=246  1\$aEn god tid$iOriginaltittel
=260  \\$aStockholm$bNorstedt$c2001
=300  \\$a231 s.
=336  \\$atext$2rdacontent$0http://rdaregistry.info/termList/RDAContentType/1020
=337  \\$aunmediated$2rdamedia$0http://rdaregistry.info/termList/RDAMediaType/1007
=338  \\$avolume$2rdacarrier$0http://rdaregistry.info/termList/RDACarrierType/1049
=700  1\$aAndersson, Urban$4trl$1http://viaf.org/viaf/urbanandersson_eksempel$4http://rdaregistry.info/Elements/e/object/P20037

