=LDR  01143cgm a2200277 c 4500
=008  141117p20112011xx#|||||||||||####v|mul|d
=041  \\$anob$aeng
=240  \\$aCharlotte Isabel Hansen$1http://viaf.org/viaf/2229156133228058430004
=245  00$aJeg reiser alene$cregi: Stian Kristiansen$h[videoopptak]
=260  \\$aOslo$bMotlys$bSandrew Metronome Norge$c2011
=300  \\$a1 videoplate (DVD-video) (94 min)$blyd, kol.
=336  \\$atwo-dimensional moving image$2rdacontent$0http://rdaregistry.info/termList/RDAContentType/1023
=337  \\$aaudio$2rdamedia$0http://rdaregistry.info/termList/RDAMediaType/1008
=338  \\$avideo disc$2rdacarrier$0http://rdaregistry.info/termList/RDACarrierType/1060
=500  \\$aAldersgrense: 11 år
=500  \\$aEkstramateriale: bakomfilm, slettede scener, to musikkvideoer, trailer, kommentarspor.
=500  \\$aManus: Tore Renberg, basert på hans egen roman "Charlotte Isabel Hansen".
=500  \\$aMedietilsynet : 157209
=500  \\$aNorsk tale, undertekster på norsk og engelsk.
=500  \\$aNSD : 8800171
=700  1\$aBergrem, Amina Eleonora$0(NO-TrBIB)11052599$1http://viaf.org/viaf/59149066621965602290$4act$4http://rdaregistry.info/Elements/a/datatype/P50071
=700  1\$aKaada, John Erik$d1975-$0(NO-TrBIB)60106$1http://viaf.org/viaf/85757429$4cmp$4http://rdaregistry.info/Elements/a/datatype/P50187
=700  1\$aKristiansen, Stian$d1972-$0(NO-TrBIB)7028772$4http://viaf.org/viaf/283715067$4drt$4http://rdaregistry.info/Elements/a/datatype/P50048
=700  1\$aLarsen, Rolf Kristian$d1983-$0(NO-TrBIB)8011770$1http://viaf.org/viaf/100929322$4act$4http://rdaregistry.info/Elements/a/datatype/P50071
=700  12$aRenberg, Tore$d1972-$tCharlotte Isabel Hansen$0(NO-TrBIB)90858991$1http://viaf.org/viaf/34565761$4aus$4http://rdaregistry.info/Elements/a/datatype/P50223
=758  1\$iFilmatisering av:$aCharlotte Isabel Hansen$1http://viaf.org/viaf/2229156133228058430004$4http://rdaregistry.info/Elements/w/object/P10129

