=LDR  01111cam a2200229 c 4500
=001  990501121394702202
=005  20230531152134.0
=007  ta
=008  130424s2004\\\\xx#|||||||||||000|f|fre|\
=020  \\$a291316739X$qh.
=041  1\$hnob
=082  74$a839.823$qNO-OsNB$25/nor
=100  1\$aRenberg, Tore$d1972-$0(NO-TrBIB)90858991$1http://viaf.org/viaf/34565761$4aut$4http://rdaregistry.info/Elements/w/object/P10061
=240  \\$aMannen som elsket Yngve$1http://viaf.org/viaf/5930152502773210800007
=245  12$aL'homme qui aimait Yngve :$broman$cTore Renberg ; traduit du norvégien par Alex Fouillet
=246  1\$aMannen som elsket Yngve$iOriginaltittel
=260  \\$a[Paris]$bOdin$c2004
=300  \\$a397 s.
=336  \\$atext$2rdacontent$0http://rdaregistry.info/termList/RDAContentType/1020
=337  \\$aunmediated$2rdamedia$0http://rdaregistry.info/termList/RDAMediaType/1007
=338  \\$avolume$2rdacarrier$0http://rdaregistry.info/termList/RDACarrierType/1049
=700  1\$aFouillet, Alex$d1974-$4trl$0(NO-TrBIB)11040616$1http://viaf.org/viaf/270835697$4trl$4http://rdaregistry.info/Elements/e/object/P20037
=758  1\$iForgjenger til$aKompani Orheim$1http://viaf.org/viaf/9937151965272000470001$4http://rdaregistry.info/Elements/w/object/P10020

