=LDR  01821cam a2200217 i 4500
=003  Uk
=005  20220804082341.0
=008  211214s2021\\\\no\\\\\\\b\\\\000\f\nob\d
=020  \\$a8249523733
=020  \\$a9788249523733
=082  04$a839.5
=100  1\$aRenberg, Tore,$d1972-$eauthor.(NO-TrBIB)90858991$1http://viaf.org/viaf/34565761 $4aut$4http://rdaregistry.info/Elements/w/object/P10061
=240  \\$aAssalamu alaikum$1http://viaf.org/viaf/assalamualaikum_eksempel
=245  10$aAssalamu alaikum :$broman /$cTore Renberg.
=264  \1$aOslo :$bForlaget Oktober,$c2021.
=300  \\$a561 pages ;$c23 cm
=336  \\$atext$btxt$2rdacontent$0ttp://rdaregistry.info/termList/RDAContentType/1014$2rdaco
=337  \\$aunmediated$bn$2rdamedia$0http://rdaregistry.info/termList/RDAMediaType/1007$2rdamt
=338  \\$avolume$bnc$2rdacarrier$0http://rdaregistry.info/termList/RDACarrierType/1049$2rdact
=504  \\$aIncludes bibliographical references.
=520  8\$aDet er 2013 og på bunnen av samfunnspyramiden våkner Hillevågsgjengen med tørre lepper, paranoia og svineinfluensa. Kjeltringene fra verdens rikeste by trodde de hadde lagt det verste bak seg, men nå slår de øynene opp bare for å se at de har den bratteste bakken foran seg: Jan Inge, Cecilie og Rudi står til hårfestet i stress og til brystet i blod. Men verst av alt, det har begynt å krakelere på innsiden av Jan Inge. Hva er det som knitrer i hodet til Videogutten? Hva er det med disse stemmene han har begynt å høre? Hva er det som har begynt å stige opp fra den misfargede fortiden? Og hvorfor hører han et fremmed navn bli hvisket i mørket? Fred være med deg, kjære leser, for dette lukter multiple diagnoser. Det ruller mot undergang og fryktelig befrielse når Tore Renberg løsner håndbrekket for det fjerde bindet i Teksas-serien.
=758  \1$iEtterfølger av$aVi sees i morgen$1http://viaf.org/viaf/312321100$4http://rdaregistry.info/Elements/w/object/P10122

