=LDR  00918nam a2200217 i 4500
=001  020656236
=003  Uk
=005  20220804074350.0
=008  201010s2020\\\\no\\\\\\\\\\\\000\1\nor\\
=010  \\$a  2020484329
=020  \\$a9788202645625$qhardbound
=082  00$a839.823/74$223
=100  1\$aRenberg, Tore,$d1972-$eauthor(NO-TrBIB)90858991$1http://viaf.org/viaf/34565761 $4aut$4http://rdaregistry.info/Elements/w/object/P10061
=240  \\$aTollak til Ingeborg$1http://viaf.org/viaf/tollaktilingeborg_eksempel
=245  10$aTollak til Ingeborg :$broman /$cTore Renberg.
=250  \\$a1. utgave.
=264  \1$aOslo :$bCappelen Damm,$c[2020]
=300  \\$a167 pages ;$c22 cm
=336  \\$atext$2rdacontent$0http://rdaregistry.info/termList/RDAContentType/1020
=337  \\$aunmediated$2rdamedia$0http://rdaregistry.info/termList/RDAMediaType/1007
=338  \\$avolume$2rdacarrier$0http://rdaregistry.info/termList/RDACarrierType/1049

