=LDR  01291nam a2200277 i 4500
=001  020388815
=003  Uk
=005  20211220170012.0
=006  m\\\\||\\d\|\\\\\\
=007  cr\|||||||||||
=008  211108s2014\\\\xxk||||go\\\\||||\1|eng\\
=020  \\$a1909807826$qElectronic book (EPUB format)
=020  \\$a9781909807822$qElectronic book (EPUB format)
=020  \\$z9781910050583$qprint
=037  \\$a9781909807822$bHachette UK
=041  1\$aeng$hnor
=082  04$a839.8238$223
=100  1\$aRenberg, Tore,$d1972-$eauthor.(NO-TrBIB)90858991$1http://viaf.org/viaf/34565761$4aut$4http://rdaregistry.info/Elements/w/object/P10061
=240  \\$aVi sees i morgen$1http://viaf.org/viaf/312321100
=245  10$aSee you tomorrow /$cTore Renberg ; translated by Sean Kinsella.
=264  \1$aLondon :$bArcadia Books,$c2014.
=300  \\$a1 online resource (600 pages).
=336  \\$atext$2rdacontent$0http://rdaregistry.info/termList/RDAContentType/1020$2rdaco
=337  \\$acomputer$2rdamedia$0http://rdaregistry.info/termList/RDAContentType/1020$2rdaco
=338  \\$aonline resource$2rdacarrier$0http://rdaregistry.info/termList/RDACarrierType/1049$2rdact
=700  1\$aKinsella, Seán$c(Translator),$etranslator.$1http://viaf.org/viaf/226817424$4trl$4http://rdaregistry.info/Elements/e/object/P20037
=758  1\$iForgjenger til$aAngrep fra alle kanter$1http://viaf.org/viaf/748144783071858216931$4http://rdaregistry.info/Elements/w/object/P10020

