=LDR  00799cam a2200193 a 4500
=001  013802305
=003  Uk
=005  20070726145641.0
=008  970331s2001\\\\no\a\\\\\\\\\\000\0\nor\d
=020  \\$a8210046446 (pbk.)
=020  \\$a9788210046445 (pbk.)
=043  \\$ae-no---
=100  1\$aRenberg, Tore,$d1972-(NO-TrBIB)90858991$1http://viaf.org/viaf/34565761 $4aut$4http://rdaregistry.info/Elements/w/object/P10061
=240  \\$aVarmelager fem$1http://viaf.orgviaf/varmelagerfem_eksempel
=245  10$aVarmelager fem /$cTore Renberg.
=260  \\$aOslo :$bTiden Norsk,$cc2001.
=300  \\$a[ca. 140 p.] :$bill. (some col.) ;$c28 cm.
=336  \\$atext$2rdacontent$0http://rdaregistry.info/termList/RDAContentType/1020$2rdaco
=337  \\$aunmediated$2rdamedia$0ttp://rdaregistry.info/termList/RDAMediaType/1007$2rdam

