=LDR  00620cam a2200181 c 4500
=001  990718582964702202
=005  20230531165735.0
=007  cr||||||||||||
=007  ta
=008  110920s2007\\\\xx#|||||\|||||000|d|nob|\
=082  74$a792.6$qNO-OsNB$25/nor
=100  1\$aRenberg, Tore$d1972-$0(NO-TrBIB)90858991$1http://viaf.org/viaf/34565761 $4aut$4http://rdaregistry.info/Elements/w/object/P10061
=240  \\$aDet tusende hjerte$1http://viaf.org/viaf/dettusendehjerte1_eksempel
=245  10$aDet tusende hjertet$n[1. akt]
=260  \\$a[Stavanger]$bRogaland teater$cc2007
=300  \\$a59 bl.
=336  \\$atext$2rdacontent$0http://rdaregistry.info/termList/RDAContentType/1020
=337  \\$aunmediated$2rdamedia$0http://rdaregistry.info/termList/RDAMediaType/1007
=338  \\$avolume$2rdacarrier$0http://rdaregistry.info/termList/RDACarrierType/1049
=710  2\$aRogaland teater$0(NO-TrBIB)90121315
=740  0\$aDet 1000. hjerte
=758  1\$ihar del$aDet tusende hjerte$1http://viaf.org/viaf/dettusendehjert2_eksmpel $4http://rdaregistry.info/Elements/w/object/P10020
=773  08$iInkludert i$aRenberg, Tore, 1972-$tDet tusende hjertet$d[Stavanger] : Rogaland teater, 2007$g[1. akt]$w990718582704702201

