=LDR  01056cam a2200229 c 4500
=001  990718583854702202
=005  20230531165736.0
=007  cr||||||||||||
=007  ta
=008  110916s2007\\\\xx#|||||\|||||000|d|nob|\
=082  74$a792.6$qNO-OsNB$25/nor
=100  1\$aRenberg, Tore$d1972-$0(NO-TrBIB)90858991$1http://viaf.org/viaf/34565761 $4aut$4http://rdaregistry.info/Elements/w/object/P10061
=240  \\$aDet tusende hjertet$1http://viaf.org/viaf/dettusendehjertet2_eksempel
=245  10$aDet tusende hjertet$n2. akt
=260  \\$a[Stavanger]$bRogaland teater$c[2007]
=300  \\$aBl. 60-113
=336  \\$atext$2rdacontent$0http://rdaregistry.info/termList/RDAContentType/1020
=337  \\$aunmediated$2rdamedia$0http://rdaregistry.info/termList/RDAMediaType/1007
=338  \\$avolume$2rdacarrier$0http://rdaregistry.info/termList/RDACarrierType/1049
=710  2\$aRogaland teater$0(NO-TrBIB)90121315$1http://viaf.org/viaf/1535876191
=740  0\$aDet 1000. hjerte
=758  \\$ifortsettelse av$aDet tusende hjertet$1http://viaf.org/viaf/dettusendehjertet1-eksempel $4http://rdaregistry.info/Elements/w/object/P10122
=773  08$iInkludert i$aRenberg, Tore, 1972-$tDet tusende hjertet$d[Stavanger] : Rogaland teater, 2007$g2. akt$w990718582704702201

