=LDR  00935cam a2200229 c 4500
=001  990800937364702202
=005  20230531170003.0
=007  cr||||||||||||
=007  ta
=008  140205s2008\\\\no#|||||\|||||000|f|nob|\
=020  \\$a9788249505555$qh.$cNkr 99.00
=080  \\$a839.6
=082  74$a839.823$qNO-OsNB$25/nor
=100  1\$aRenberg, Tore$d1972-$0(NO-TrBIB)90858991$1http://viaf.org/viaf/34565761 $4aut$4http://rdaregistry.info/Elements/w/object/P10061
=240  \\$aMannen som elsket Yngve$1http://viaf.org/viaf/5930152502773210800007
=245  10$aMannen som elsket Yngve :$broman$cTore Renberg
=260  \\$a[Oslo]$bOktober$c2008
=300  \\$a381 s.
=336  \\$atext$2rdacontent$0http://rdaregistry.info/termList/RDAContentType/1020
=337  \\$aunmediated$2rdamedia$0http://rdaregistry.info/termList/RDAMediaType/1007
=338  \\$avolume$2rdacarrier$0http://rdaregistry.info/termList/RDACarrierType/1049
=500  \\$a1. utg. 2003

