=LDR  01040cim a2200217 c 4500
=001  990824593124702202
=005  20230303091406.0
=007  sd\f||||||||||
=008  141107s2008\\\\no#||||\|||||||f#|||nob|\
=020  \\$a9788242145284$cNkr 399.00
=080  \\$a839.6
=082  74$a839.823$qNO-OsNB$25/nor
=100  1\$aRenberg, Tore$d1972-$0(NO-TrBIB)90858991$1http://viaf.org/viaf/34565761 $4aut$4http://rdaregistry.info/Elements/w/object/P10061 $4nrt$4http://rdaregistry.info/Elements/e/object/P20037
=240  \\$aCharlotte Isabel Hansen$1http://viaf.org/viaf/2229156133228058430004
=245  10$aCharlotte Isabel Hansen$cTore Renberg$h[lydopptak]
=260  \\$a[Melhus]$bLydbokforl.$c2008
=300  \\$a8 plater (CD) (9 t, 51 min)$bdigital$c12 cm, i eske
=336  \\$aspoken word$2rdacontent$0http://rdaregistry.info/termList/RDAContentType/1013
=337  \\$aaudio$2rdamedia$0http://rdaregistry.info/termList/RDAMediaType/1001
=338  \\$aaudio disc$2rdacarrier$0http://rdaregistry.info/termList/RDACarrierType/1004
=500  \\$aLest av forfatteren

