=LDR  01233cam a2200241 c 4500
=001  990928376704702202
=005  20230531175835.0
=007  ta
=008  130715s2009\\\\xx#|||||||||||000|f|dan|\
=020  \\$a9788790524913$qib.
=041  1\$hnob
=082  74$a839.823$qNO-OsNB$25/nor
=100  1\$aRenberg, Tore$d1972-$0(NO-TrBIB)90858991 $1http://viaf.org/viaf/34565761 $4aut$4http://rdaregistry.info/Elements/w/object/P10061
=240  \\$aMannen som elsket Yngve$1http://viaf.org/viaf/5930152502773210800007
=245  10$aMig og Yngve :$broman$cTore Renberg ; på dansk ved Jannie Jensen & Arild Batzer
=246  1\$aMannen som elsket Yngve$iOriginaltittel
=260  \\$aRoskilde$bBatzer & Co.$c2009
=300  \\$a427 s.
=336  \\$atext$2rdacontent$0http://rdaregistry.info/termList/RDAContentType/1020
=337  \\$aunmediated$2rdamedia$0http://rdaregistry.info/termList/RDAMediaType/1007
=338  \\$avolume$2rdacarrier$0http://rdaregistry.info/termList/RDACarrierType/1049
=700  1\$aBatzer, Arild $d1946-$1http://viaf.org/viaf/227149066634465602334 $4trl$4http://rdaregistry.info/Elements/e/object/P20037
=700  1\$aJensen, Jannie$1http://viaf.org/viaf/32145970329832252552 $4trl$4http://rdaregistry.info/Elements/e/object/P20037

