=LDR  01314cam a2200253 c 4500
=001  991150113664702202
=005  20180613120225.0
=007  ta
=008  151020s2011\\\\xx#||||j||||||000|j|swe|\
=020  \\$a9789173551922$qib.
=041  1\$hnob
=082  74$a839.823$qNO-OsNB$25/nor
=100  1\$aRenberg, Tore$d1972-$0(NO-TrBIB)90858991$1http://viaf.org/viaf/34565761 $4aut$4http://rdaregistry.info/Elements/w/object/P10061
=240  \\$aGi gass, Ine$1http://viaf.org/viaf/309465458
=245  10$aGe järnet, Ina$cTore Renberg, Øyvind Torseter ; [översättning: Ebba Berg]
=246  1\$aGi gass, Ine$iOriginaltittel
=260  \\$a[Göteborg]$bKabusa böcker$c2011
=300  \\$a[32] s.$bill.
=336  \\$atext$2rdacontent$0http://rdaregistry.info/termList/RDAContentType/1020
=337  \\$aunmediated$2rdamedia$0http://rdaregistry.info/termList/RDAMediaType/1007
=338  \\$avolume$2rdacarrier$0http://rdaregistry.info/termList/RDACarrierType/1049
=700  1\$aBerg, Ebba$d1975-$0(NO-TrBIB)10050660$1http://viaf.org/viaf/311494855 $4trl$4http://rdaregistry.info/Elements/e/object/P20037
=700  1\$aTorseter, Øyvind$d1972-$0(NO-TrBIB)$1http://viaf.org/viaf/19436219 $4ill$4http://rdaregistry.info/Elements/w/object/P10058
=765  0\$aRenberg, Tore$tGi gass, Ine$w991010075904702201$1http://viaf.org/viaf/309465458

