=LDR  02114cam a2200277 c 4500
=001  999920429396102202
=005  20230907145925.0
=007  ta
=008  230523s2023\\\\no\ba\\e\||||||||\fdnob|\
=020  \\$a9788249523740$cNkr 449.00$qinnbundet
=082  04$a839.8238$qNO-OsBA$223/nor
=100  1\$aRenberg, Tore$d1972-$0(NO-TrBIB)90858991$1http://viaf.org/viaf/34565761 $4aut$4http://rdaregistry.info/Elements/w/object/P10061
=240  00$aLungeflyteprøven$1http://viaf.org/viaf/lungeflyteproven_eksempel
=245  10$aLungeflyteprøven :$bforsvar for en ung kvinne som var mistenkt for spedbarnsdrap : roman$cTore Renberg
=264  \1$a[Oslo]$bForlaget Oktober$c2023
=300  \\$a558 sider$billustrasjoner, kart$c23 cm
=336  \\$akartografisk bilde$0http://rdaregistry.info/termList/RDAContentType/1002$2rdaco
=336  \\$astillbilde$0http://rdaregistry.info/termList/RDAContentType/1014$2rdaco
=336  \\$atekst$0http://rdaregistry.info/termList/RDAContentType/1020$2rdaco
=337  \\$auformidlet$0http://rdaregistry.info/termList/RDAMediaType/1007$2rdamt
=338  \\$abind$0http://rdaregistry.info/termList/RDACarrierType/1049$2rdact
=520  \\$aSachsen, 1681: Femten år gamle Anna Voigt tiltales for å ha drept sitt nyfødte barn. Blir hun kjent skyldig, vil straffen være døden. Denne romanen folder ut den forbløffende fortellingen om Anna Voigt, om et samfunn som straffer sine døtre og sønner hardt, om tortur og henrettelser, om den medisinske lungeflyteprøven som ble starten på moderne rettsmedisin, om hevn, forfengelighet og ortodoksi, om gammel tid mot ny tid. Ut fra et unikt historisk materiale trer et mylder av skikkelser levende frem, skildret med stor innsikt og innlevelse. "Lungeflyteprøven" er basert på virkelige hendelser, aldri før fortalt.
=536  \\$aKulturfond
=600  17$aVoigt, Anna$d1666-1691$0(NO-TrBIB)1691043608760$2bare$1http://viaf.org/viaf/annavoigt_eksempel
=662  \\$aTyskland$bSachsen$0(NO-OsBA)1439622$2bibbi$9nob$9nno
=700  1\$aRenberg, Tore$d1972-$tLungeflyteprøven$0(NO-TrBIB)(NO-TrBIB)90858991$1http://viaf.org/viaf/35146153040605250276 $4aut$4http://rdaregistry.info/Elements/w/object/P10061

